@Misc{www-python-org,
  author       = {{Python.org}},
  title        = {{Python}, packages},
  howpublished = {Web Page},
  note         = {Accessed: 2018-02-02},
  owner        = {abhigupt, aagasti},
  url          = {https://pypi.python.org/pypi/},
}

@Misc{www-pipdeptree,
  author       = {{Python.org}},
  title        = {{pipdeptree}, Command line utility to show dependency tree of
  packages},
  howpublished = {Web Page},
  note         = {Accessed: 2018-02-02},
  owner        = {abhigupt, aagasti},
  url          = {https://pypi.python.org/pypi/pipdeptree},
}

@Misc{www-pypi,
  author       = {{pypi.org}},
  title        = {{pypi}, The Python Package Index},
  howpublished = {Web Page},
  note         = {Accessed: 2018-02-02},
  owner        = {abhigupt, aagasti},
  url          = {https://pypi.org},
}

@Misc{www-takipi,
  author       = {{Tal Weiss}},
  title        = {{OverOps}, Blog by Tal Weiss},
  howpublished = {Web Page},
  note         = {Accessed: 2018-02-02},
  owner        = {abhigupt, aagasti},
  url          = {https://blog.takipi.com/we-analyzed-30000-github-projects-here-are-the-top-100-libraries-in-java-js-and-ruby/},
}

@article{louridas2008power,
  title={Power laws in software},
  author={Louridas, Panagiotis and Spinellis, Diomidis and Vlachos, Vasileios},
  journal={ACM Transactions on Software Engineering and Methodology (TOSEM)},
  volume={18},
  number={1},
  pages={2},
  year={2008},
  publisher={ACM}
}


